<?xml version="1.0" encoding="UTF-8"?><collection xmlns="http://www.loc.gov/MARC21/slim"><record><leader>00500nam--2200205-u-4500</leader><controlfield tag="001">000055143</controlfield><controlfield tag="002">20161230</controlfield><controlfield tag="005">20161230201052</controlfield><controlfield tag="008">121107s1000------------r-----000-0-rus-d</controlfield><datafield ind1=" " ind2=" " tag="040"><subfield code="a">IFIN-HH</subfield></datafield><datafield ind1=" " ind2=" " tag="041"><subfield code="a">rus</subfield></datafield><datafield ind1=" " ind2=" " tag="080"><subfield code="a">532.783</subfield></datafield><datafield ind1="1" ind2=" " tag="100"><subfield code="a">Pikin, S.A</subfield></datafield><datafield ind1="1" ind2="0" tag="245"><subfield code="a">Jidkie kristalli</subfield><subfield code="c">S.a. pikin, l.m. blinov</subfield></datafield><datafield ind1=" " ind2=" " tag="260"><subfield code="a">Moskva</subfield><subfield code="b">Nauka</subfield><subfield code="c">1982</subfield></datafield><datafield ind1=" " ind2=" " tag="300"><subfield code="a">206P</subfield></datafield><datafield ind1=" " ind2=" " tag="490"><subfield code="a">Bibliotecika Kbant</subfield><subfield code="v">Vipusk 20</subfield></datafield><datafield ind1="1" ind2=" " tag="700"><subfield code="a">Blinov, L.M</subfield></datafield><datafield ind1=" " ind2=" " tag="852"><subfield code="a">71297</subfield><subfield code="c">539.2</subfield></datafield><datafield ind1=" " ind2=" " tag="CAT"><subfield code="a">Sys</subfield><subfield code="c">20121107</subfield><subfield code="h">095259</subfield></datafield></record></collection>